%YAML 1.1
%TAG !u! tag:unity3d.com,2011:
--- !u!1 &2883166616283429695
GameObject:
  m_ObjectHideFlags: 0
  m_CorrespondingSourceObject: {fileID: 0}
  m_PrefabInstance: {fileID: 0}
  m_PrefabAsset: {fileID: 0}
  serializedVersion: 6
  m_Component:
  - component: {fileID: 2883166616283429691}
  - component: {fileID: -3898867138001702446}
  - component: {fileID: -2530703996320005640}
  - component: {fileID: 6239585688004011357}
  m_Layer: 0
  m_Name: set17
  m_TagString: Map
  m_Icon: {fileID: 0}
  m_NavMeshLayer: 0
  m_StaticEditorFlags: 0
  m_IsActive: 1
--- !u!4 &2883166616283429691
Transform:
  m_ObjectHideFlags: 0
  m_CorrespondingSourceObject: {fileID: 0}
  m_PrefabInstance: {fileID: 0}
  m_PrefabAsset: {fileID: 0}
  m_GameObject: {fileID: 2883166616283429695}
  m_LocalRotation: {x: -0, y: -0, z: -0, w: 1}
  m_LocalPosition: {x: 17, y: 60, z: 0}
  m_LocalScale: {x: 10, y: 15, z: 1}
  m_Children:
  - {fileID: 3328330537013336129}
  - {fileID: 3328330536161524282}
  - {fileID: 3328330537216449693}
  - {fileID: 634580516843271756}
  m_Father: {fileID: 0}
  m_RootOrder: 0
  m_LocalEulerAnglesHint: {x: 0, y: 0, z: 0}
--- !u!114 &-3898867138001702446
MonoBehaviour:
  m_ObjectHideFlags: 0
  m_CorrespondingSourceObject: {fileID: 0}
  m_PrefabInstance: {fileID: 0}
  m_PrefabAsset: {fileID: 0}
  m_GameObject: {fileID: 2883166616283429695}
  m_Enabled: 1
  m_EditorHideFlags: 0
  m_Script: {fileID: 11500000, guid: 92154037b89474d46ad107a0515d33c5, type: 3}
  m_Name: 
  m_EditorClassIdentifier: 
  speed: 10
--- !u!61 &-2530703996320005640
BoxCollider2D:
  m_ObjectHideFlags: 0
  m_CorrespondingSourceObject: {fileID: 0}
  m_PrefabInstance: {fileID: 0}
  m_PrefabAsset: {fileID: 0}
  m_GameObject: {fileID: 2883166616283429695}
  m_Enabled: 1
  m_Density: 1
  m_Material: {fileID: 0}
  m_IsTrigger: 1
  m_UsedByEffector: 0
  m_UsedByComposite: 0
  m_Offset: {x: 0, y: 0.5}
  m_SpriteTilingProperty:
    border: {x: 0, y: 0, z: 0, w: 0}
    pivot: {x: 0, y: 0}
    oldSize: {x: 0, y: 0}
    newSize: {x: 0, y: 0}
    adaptiveTilingThreshold: 0
    drawMode: 0
    adaptiveTiling: 0
  m_AutoTiling: 0
  serializedVersion: 2
  m_Size: {x: 1, y: 0.1}
  m_EdgeRadius: 0
--- !u!50 &6239585688004011357
Rigidbody2D:
  serializedVersion: 4
  m_ObjectHideFlags: 0
  m_CorrespondingSourceObject: {fileID: 0}
  m_PrefabInstance: {fileID: 0}
  m_PrefabAsset: {fileID: 0}
  m_GameObject: {fileID: 2883166616283429695}
  m_BodyType: 0
  m_Simulated: 1
  m_UseFullKinematicContacts: 0
  m_UseAutoMass: 0
  m_Mass: 1
  m_LinearDrag: 0
  m_AngularDrag: 0.05
  m_GravityScale: 0
  m_Material: {fileID: 0}
  m_Interpolate: 0
  m_SleepingMode: 1
  m_CollisionDetection: 0
  m_Constraints: 0
--- !u!1001 &1080285155325343255
PrefabInstance:
  m_ObjectHideFlags: 0
  serializedVersion: 2
  m_Modification:
    m_TransformParent: {fileID: 2883166616283429691}
    m_Modifications:
    - target: {fileID: 446852787546407000, guid: cc878200570f9fe4484f69fe48dcf8c6,
        type: 3}
      propertyPath: m_Name
      value: Obstacle (4)
      objectReference: {fileID: 0}
    - target: {fileID: 446852787546407003, guid: cc878200570f9fe4484f69fe48dcf8c6,
        type: 3}
      propertyPath: m_RootOrder
      value: 3
      objectReference: {fileID: 0}
    - target: {fileID: 446852787546407003, guid: cc878200570f9fe4484f69fe48dcf8c6,
        type: 3}
      propertyPath: m_LocalScale.x
      value: 0.03999999
      objectReference: {fileID: 0}
    - target: {fileID: 446852787546407003, guid: cc878200570f9fe4484f69fe48dcf8c6,
        type: 3}
      propertyPath: m_LocalScale.y
      value: 0.02666666
      objectReference: {fileID: 0}
    - target: {fileID: 446852787546407003, guid: cc878200570f9fe4484f69fe48dcf8c6,
        type: 3}
      propertyPath: m_LocalPosition.x
      value: 0
      objectReference: {fileID: 0}
    - target: {fileID: 446852787546407003, guid: cc878200570f9fe4484f69fe48dcf8c6,
        type: 3}
      propertyPath: m_LocalPosition.y
      value: 0
      objectReference: {fileID: 0}
    - target: {fileID: 446852787546407003, guid: cc878200570f9fe4484f69fe48dcf8c6,
        type: 3}
      propertyPath: m_LocalPosition.z
      value: -1
      objectReference: {fileID: 0}
    - target: {fileID: 446852787546407003, guid: cc878200570f9fe4484f69fe48dcf8c6,
        type: 3}
      propertyPath: m_LocalRotation.w
      value: 1
      objectReference: {fileID: 0}
    - target: {fileID: 446852787546407003, guid: cc878200570f9fe4484f69fe48dcf8c6,
        type: 3}
      propertyPath: m_LocalRotation.x
      value: 0
      objectReference: {fileID: 0}
    - target: {fileID: 446852787546407003, guid: cc878200570f9fe4484f69fe48dcf8c6,
        type: 3}
      propertyPath: m_LocalRotation.y
      value: 0
      objectReference: {fileID: 0}
    - target: {fileID: 446852787546407003, guid: cc878200570f9fe4484f69fe48dcf8c6,
        type: 3}
      propertyPath: m_LocalRotation.z
      value: 0
      objectReference: {fileID: 0}
    - target: {fileID: 446852787546407003, guid: cc878200570f9fe4484f69fe48dcf8c6,
        type: 3}
      propertyPath: m_LocalEulerAnglesHint.x
      value: 0
      objectReference: {fileID: 0}
    - target: {fileID: 446852787546407003, guid: cc878200570f9fe4484f69fe48dcf8c6,
        type: 3}
      propertyPath: m_LocalEulerAnglesHint.y
      value: 0
      objectReference: {fileID: 0}
    - target: {fileID: 446852787546407003, guid: cc878200570f9fe4484f69fe48dcf8c6,
        type: 3}
      propertyPath: m_LocalEulerAnglesHint.z
      value: 0
      objectReference: {fileID: 0}
    m_RemovedComponents: []
  m_SourcePrefab: {fileID: 100100000, guid: cc878200570f9fe4484f69fe48dcf8c6, type: 3}
--- !u!4 &634580516843271756 stripped
Transform:
  m_CorrespondingSourceObject: {fileID: 446852787546407003, guid: cc878200570f9fe4484f69fe48dcf8c6,
    type: 3}
  m_PrefabInstance: {fileID: 1080285155325343255}
  m_PrefabAsset: {fileID: 0}
--- !u!1001 &2883166616644425754
PrefabInstance:
  m_ObjectHideFlags: 0
  serializedVersion: 2
  m_Modification:
    m_TransformParent: {fileID: 2883166616283429691}
    m_Modifications:
    - target: {fileID: 446852787546407000, guid: cc878200570f9fe4484f69fe48dcf8c6,
        type: 3}
      propertyPath: m_Name
      value: Obstacle
      objectReference: {fileID: 0}
    - target: {fileID: 446852787546407003, guid: cc878200570f9fe4484f69fe48dcf8c6,
        type: 3}
      propertyPath: m_RootOrder
      value: 0
      objectReference: {fileID: 0}
    - target: {fileID: 446852787546407003, guid: cc878200570f9fe4484f69fe48dcf8c6,
        type: 3}
      propertyPath: m_LocalScale.x
      value: 0.03999999
      objectReference: {fileID: 0}
    - target: {fileID: 446852787546407003, guid: cc878200570f9fe4484f69fe48dcf8c6,
        type: 3}
      propertyPath: m_LocalScale.y
      value: 0.02666666
      objectReference: {fileID: 0}
    - target: {fileID: 446852787546407003, guid: cc878200570f9fe4484f69fe48dcf8c6,
        type: 3}
      propertyPath: m_LocalPosition.x
      value: 0
      objectReference: {fileID: 0}
    - target: {fileID: 446852787546407003, guid: cc878200570f9fe4484f69fe48dcf8c6,
        type: 3}
      propertyPath: m_LocalPosition.y
      value: -0.3
      objectReference: {fileID: 0}
    - target: {fileID: 446852787546407003, guid: cc878200570f9fe4484f69fe48dcf8c6,
        type: 3}
      propertyPath: m_LocalPosition.z
      value: -1
      objectReference: {fileID: 0}
    - target: {fileID: 446852787546407003, guid: cc878200570f9fe4484f69fe48dcf8c6,
        type: 3}
      propertyPath: m_LocalRotation.w
      value: 1
      objectReference: {fileID: 0}
    - target: {fileID: 446852787546407003, guid: cc878200570f9fe4484f69fe48dcf8c6,
        type: 3}
      propertyPath: m_LocalRotation.x
      value: 0
      objectReference: {fileID: 0}
    - target: {fileID: 446852787546407003, guid: cc878200570f9fe4484f69fe48dcf8c6,
        type: 3}
      propertyPath: m_LocalRotation.y
      value: 0
      objectReference: {fileID: 0}
    - target: {fileID: 446852787546407003, guid: cc878200570f9fe4484f69fe48dcf8c6,
        type: 3}
      propertyPath: m_LocalRotation.z
      value: 0
      objectReference: {fileID: 0}
    - target: {fileID: 446852787546407003, guid: cc878200570f9fe4484f69fe48dcf8c6,
        type: 3}
      propertyPath: m_LocalEulerAnglesHint.x
      value: 0
      objectReference: {fileID: 0}
    - target: {fileID: 446852787546407003, guid: cc878200570f9fe4484f69fe48dcf8c6,
        type: 3}
      propertyPath: m_LocalEulerAnglesHint.y
      value: 0
      objectReference: {fileID: 0}
    - target: {fileID: 446852787546407003, guid: cc878200570f9fe4484f69fe48dcf8c6,
        type: 3}
      propertyPath: m_LocalEulerAnglesHint.z
      value: 0
      objectReference: {fileID: 0}
    m_RemovedComponents: []
  m_SourcePrefab: {fileID: 100100000, guid: cc878200570f9fe4484f69fe48dcf8c6, type: 3}
--- !u!4 &3328330537013336129 stripped
Transform:
  m_CorrespondingSourceObject: {fileID: 446852787546407003, guid: cc878200570f9fe4484f69fe48dcf8c6,
    type: 3}
  m_PrefabInstance: {fileID: 2883166616644425754}
  m_PrefabAsset: {fileID: 0}
--- !u!1001 &2883166616729090657
PrefabInstance:
  m_ObjectHideFlags: 0
  serializedVersion: 2
  m_Modification:
    m_TransformParent: {fileID: 2883166616283429691}
    m_Modifications:
    - target: {fileID: 446852787546407000, guid: cc878200570f9fe4484f69fe48dcf8c6,
        type: 3}
      propertyPath: m_Name
      value: Obstacle (1)
      objectReference: {fileID: 0}
    - target: {fileID: 446852787546407003, guid: cc878200570f9fe4484f69fe48dcf8c6,
        type: 3}
      propertyPath: m_RootOrder
      value: 1
      objectReference: {fileID: 0}
    - target: {fileID: 446852787546407003, guid: cc878200570f9fe4484f69fe48dcf8c6,
        type: 3}
      propertyPath: m_LocalScale.x
      value: 0.03999999
      objectReference: {fileID: 0}
    - target: {fileID: 446852787546407003, guid: cc878200570f9fe4484f69fe48dcf8c6,
        type: 3}
      propertyPath: m_LocalScale.y
      value: 0.02666666
      objectReference: {fileID: 0}
    - target: {fileID: 446852787546407003, guid: cc878200570f9fe4484f69fe48dcf8c6,
        type: 3}
      propertyPath: m_LocalPosition.x
      value: 0.2
      objectReference: {fileID: 0}
    - target: {fileID: 446852787546407003, guid: cc878200570f9fe4484f69fe48dcf8c6,
        type: 3}
      propertyPath: m_LocalPosition.y
      value: -0.3
      objectReference: {fileID: 0}
    - target: {fileID: 446852787546407003, guid: cc878200570f9fe4484f69fe48dcf8c6,
        type: 3}
      propertyPath: m_LocalPosition.z
      value: -1
      objectReference: {fileID: 0}
    - target: {fileID: 446852787546407003, guid: cc878200570f9fe4484f69fe48dcf8c6,
        type: 3}
      propertyPath: m_LocalRotation.w
      value: 1
      objectReference: {fileID: 0}
    - target: {fileID: 446852787546407003, guid: cc878200570f9fe4484f69fe48dcf8c6,
        type: 3}
      propertyPath: m_LocalRotation.x
      value: 0
      objectReference: {fileID: 0}
    - target: {fileID: 446852787546407003, guid: cc878200570f9fe4484f69fe48dcf8c6,
        type: 3}
      propertyPath: m_LocalRotation.y
      value: 0
      objectReference: {fileID: 0}
    - target: {fileID: 446852787546407003, guid: cc878200570f9fe4484f69fe48dcf8c6,
        type: 3}
      propertyPath: m_LocalRotation.z
      value: 0
      objectReference: {fileID: 0}
    - target: {fileID: 446852787546407003, guid: cc878200570f9fe4484f69fe48dcf8c6,
        type: 3}
      propertyPath: m_LocalEulerAnglesHint.x
      value: 0
      objectReference: {fileID: 0}
    - target: {fileID: 446852787546407003, guid: cc878200570f9fe4484f69fe48dcf8c6,
        type: 3}
      propertyPath: m_LocalEulerAnglesHint.y
      value: 0
      objectReference: {fileID: 0}
    - target: {fileID: 446852787546407003, guid: cc878200570f9fe4484f69fe48dcf8c6,
        type: 3}
      propertyPath: m_LocalEulerAnglesHint.z
      value: 0
      objectReference: {fileID: 0}
    m_RemovedComponents: []
  m_SourcePrefab: {fileID: 100100000, guid: cc878200570f9fe4484f69fe48dcf8c6, type: 3}
--- !u!4 &3328330536161524282 stripped
Transform:
  m_CorrespondingSourceObject: {fileID: 446852787546407003, guid: cc878200570f9fe4484f69fe48dcf8c6,
    type: 3}
  m_PrefabInstance: {fileID: 2883166616729090657}
  m_PrefabAsset: {fileID: 0}
--- !u!1001 &2883166617784016070
PrefabInstance:
  m_ObjectHideFlags: 0
  serializedVersion: 2
  m_Modification:
    m_TransformParent: {fileID: 2883166616283429691}
    m_Modifications:
    - target: {fileID: 446852787546407000, guid: cc878200570f9fe4484f69fe48dcf8c6,
        type: 3}
      propertyPath: m_Name
      value: Obstacle (2)
      objectReference: {fileID: 0}
    - target: {fileID: 446852787546407003, guid: cc878200570f9fe4484f69fe48dcf8c6,
        type: 3}
      propertyPath: m_RootOrder
      value: 2
      objectReference: {fileID: 0}
    - target: {fileID: 446852787546407003, guid: cc878200570f9fe4484f69fe48dcf8c6,
        type: 3}
      propertyPath: m_LocalScale.x
      value: 0.03999999
      objectReference: {fileID: 0}
    - target: {fileID: 446852787546407003, guid: cc878200570f9fe4484f69fe48dcf8c6,
        type: 3}
      propertyPath: m_LocalScale.y
      value: 0.02666666
      objectReference: {fileID: 0}
    - target: {fileID: 446852787546407003, guid: cc878200570f9fe4484f69fe48dcf8c6,
        type: 3}
      propertyPath: m_LocalPosition.x
      value: -0.2
      objectReference: {fileID: 0}
    - target: {fileID: 446852787546407003, guid: cc878200570f9fe4484f69fe48dcf8c6,
        type: 3}
      propertyPath: m_LocalPosition.y
      value: 0.3
      objectReference: {fileID: 0}
    - target: {fileID: 446852787546407003, guid: cc878200570f9fe4484f69fe48dcf8c6,
        type: 3}
      propertyPath: m_LocalPosition.z
      value: -1
      objectReference: {fileID: 0}
    - target: {fileID: 446852787546407003, guid: cc878200570f9fe4484f69fe48dcf8c6,
        type: 3}
      propertyPath: m_LocalRotation.w
      value: 1
      objectReference: {fileID: 0}
    - target: {fileID: 446852787546407003, guid: cc878200570f9fe4484f69fe48dcf8c6,
        type: 3}
      propertyPath: m_LocalRotation.x
      value: 0
      objectReference: {fileID: 0}
    - target: {fileID: 446852787546407003, guid: cc878200570f9fe4484f69fe48dcf8c6,
        type: 3}
      propertyPath: m_LocalRotation.y
      value: 0
      objectReference: {fileID: 0}
    - target: {fileID: 446852787546407003, guid: cc878200570f9fe4484f69fe48dcf8c6,
        type: 3}
      propertyPath: m_LocalRotation.z
      value: 0
      objectReference: {fileID: 0}
    - target: {fileID: 446852787546407003, guid: cc878200570f9fe4484f69fe48dcf8c6,
        type: 3}
      propertyPath: m_LocalEulerAnglesHint.x
      value: 0
      objectReference: {fileID: 0}
    - target: {fileID: 446852787546407003, guid: cc878200570f9fe4484f69fe48dcf8c6,
        type: 3}
      propertyPath: m_LocalEulerAnglesHint.y
      value: 0
      objectReference: {fileID: 0}
    - target: {fileID: 446852787546407003, guid: cc878200570f9fe4484f69fe48dcf8c6,
        type: 3}
      propertyPath: m_LocalEulerAnglesHint.z
      value: 0
      objectReference: {fileID: 0}
    m_RemovedComponents: []
  m_SourcePrefab: {fileID: 100100000, guid: cc878200570f9fe4484f69fe48dcf8c6, type: 3}
--- !u!4 &3328330537216449693 stripped
Transform:
  m_CorrespondingSourceObject: {fileID: 446852787546407003, guid: cc878200570f9fe4484f69fe48dcf8c6,
    type: 3}
  m_PrefabInstance: {fileID: 2883166617784016070}
  m_PrefabAsset: {fileID: 0}
